<?xml version="1.0" encoding="UTF-8"?><collection xmlns="http://www.loc.gov/MARC21/slim"><record><leader>00468nam--2200133-i-4500</leader><controlfield tag="001">000012949</controlfield><controlfield tag="002">20161230</controlfield><controlfield tag="005">20161230201030</controlfield><controlfield tag="008">060222s1000------------r-----000-0-eng-d</controlfield><datafield ind1=" " ind2=" " tag="100"><subfield code="a">Garvey, Justine S., Cremer, Natalie E.And Sussdorf, Dieter H</subfield></datafield><datafield ind1=" " ind2=" " tag="245"><subfield code="a">Methods in immunology. a laboratory text for instruction and research. third edition. completely revised, englangged, reset</subfield></datafield><datafield ind1=" " ind2=" " tag="260"><subfield code="a">Reading, W.A.Benjamin, Inc., 1977</subfield></datafield><datafield ind1=" " ind2=" " tag="490"><subfield code="a">Xxiii+545p</subfield></datafield><datafield ind1=" " ind2=" " tag="852"><subfield code="a">61:574.2</subfield></datafield></record></collection>